<record><leader>00000cas a22000007a 4500</leader><controlfield tag="001">18679264</controlfield><controlfield tag="008">881028d196019uupauzr ne      0    0eng d</controlfield><datafield ind1=" " ind2=" " tag="010"><subfield code="a">sn 88079583 </subfield></datafield><datafield ind1=" " ind2=" " tag="040"><subfield code="a">NPH</subfield><subfield code="b">eng</subfield><subfield code="c">NPH</subfield><subfield code="d">OCLCQ</subfield></datafield><datafield ind1=" " ind2=" " tag="042"><subfield code="a">msc</subfield></datafield><datafield ind1="0" ind2="0" tag="245"><subfield code="a">Powelton post.</subfield></datafield><datafield ind1="3" ind2="0" tag="246"><subfield code="a">Powelton Village post</subfield></datafield><datafield ind1=" " ind2=" " tag="260"><subfield code="a">[Philadelphia, Pa. :</subfield><subfield code="b">s.n.],</subfield><subfield code="c">1960-</subfield></datafield><datafield ind1=" " ind2=" " tag="300"><subfield code="a">v. :</subfield><subfield code="b">ill. ;</subfield><subfield code="c">28-39 cm.</subfield></datafield><datafield ind1=" " ind2=" " tag="310"><subfield code="a">Ten times a yr.</subfield></datafield><datafield ind1="0" ind2=" " tag="362"><subfield code="a">Vol. 4, no. 8 (Apr. 1960)-</subfield></datafield><datafield ind1=" " ind2=" " tag="500"><subfield code="a">Published as: Powelton Village post, Feb. 1965.</subfield></datafield><datafield ind1=" " ind2=" " tag="500"><subfield code="a">Title was preceded by newsletter: The Powelton neighbors.</subfield></datafield><datafield ind1=" " ind2=" " tag="752"><subfield code="a">United States</subfield><subfield code="b">Pennsylvania</subfield><subfield code="c">Philadelphia</subfield><subfield code="d">Philadelphia.</subfield></datafield><datafield ind1="0" ind2="0" tag="780"><subfield code="t">Powelton neighbors</subfield></datafield></record>